<?xml version="1.0" encoding="UTF-8"?>
<marc:record xmlns:marc="http://www.loc.gov/MARC21/slim" xmlns:xsi="http://www.w3.org/2001/XMLSchema-instance" xsi:schemaLocation="http://www.loc.gov/standards/marcxml/schema/MARC21slim.xsd">
  <marc:leader>00000ndd a2200000 u 4500</marc:leader>
  <marc:controlfield tag="001">300237596</marc:controlfield>
  <marc:controlfield tag="003">DE-633</marc:controlfield>
  <marc:controlfield tag="005">20201029163714.0</marc:controlfield>
  <marc:datafield tag="031" ind1=" " ind2=" ">
    <marc:subfield code="a">1</marc:subfield>
    <marc:subfield code="b">1</marc:subfield>
    <marc:subfield code="c">1</marc:subfield>
    <marc:subfield code="d">Andante</marc:subfield>
    <marc:subfield code="g">G-2</marc:subfield>
    <marc:subfield code="m">fl solo</marc:subfield>
    <marc:subfield code="n">xF</marc:subfield>
    <marc:subfield code="o">6/8</marc:subfield>
    <marc:subfield code="p">''{8B'''C}/4D''8B{8.G3FG}{3AGFG}/{8.A6FGE}{8D3EF}{3GAB'''C}/8D''4Gt</marc:subfield>
    <marc:subfield code="r">G</marc:subfield>
    <marc:subfield code="2">pe</marc:subfield>
  </marc:datafield>
  <marc:datafield tag="031" ind1=" " ind2=" ">
    <marc:subfield code="a">1</marc:subfield>
    <marc:subfield code="b">1</marc:subfield>
    <marc:subfield code="c">2</marc:subfield>
    <marc:subfield code="g">C-4</marc:subfield>
    <marc:subfield code="m">T</marc:subfield>
    <marc:subfield code="n">xF</marc:subfield>
    <marc:subfield code="o">6/8</marc:subfield>
    <marc:subfield code="p">4-/=13/'4D8,BGFG/8.A6F{6GE}8D{6EF}{GA}</marc:subfield>
    <marc:subfield code="r">G</marc:subfield>
    <marc:subfield code="t">Amavit eum Dominus, et ornavit eum</marc:subfield>
    <marc:subfield code="2">pe</marc:subfield>
  </marc:datafield>
  <marc:datafield tag="031" ind1=" " ind2=" ">
    <marc:subfield code="a">1</marc:subfield>
    <marc:subfield code="b">2</marc:subfield>
    <marc:subfield code="c">1</marc:subfield>
    <marc:subfield code="d">Allegro</marc:subfield>
    <marc:subfield code="g">G-2</marc:subfield>
    <marc:subfield code="m">fl 1</marc:subfield>
    <marc:subfield code="n">xFC</marc:subfield>
    <marc:subfield code="o">c</marc:subfield>
    <marc:subfield code="p">2''D4FA/2'''D4''AF/{8D6EF}{6GAB'''C}{8D6C''B}{AGFE}/4'''D''AFD/</marc:subfield>
    <marc:subfield code="r">D</marc:subfield>
    <marc:subfield code="2">pe</marc:subfield>
  </marc:datafield>
  <marc:datafield tag="031" ind1=" " ind2=" ">
    <marc:subfield code="a">1</marc:subfield>
    <marc:subfield code="b">2</marc:subfield>
    <marc:subfield code="c">2</marc:subfield>
    <marc:subfield code="d">Allegro</marc:subfield>
    <marc:subfield code="g">C-4</marc:subfield>
    <marc:subfield code="m">T</marc:subfield>
    <marc:subfield code="n">xFC</marc:subfield>
    <marc:subfield code="o">c</marc:subfield>
    <marc:subfield code="p">=10/4,F2A{8BA}/4A4.'D{,8ABA}/4.B8A{BA}{FD}4/E2A8{BA}/4A4.'E</marc:subfield>
    <marc:subfield code="r">D</marc:subfield>
    <marc:subfield code="t">Domine Deus noster, quam admirabile</marc:subfield>
    <marc:subfield code="2">pe</marc:subfield>
  </marc:datafield>
  <marc:datafield tag="040" ind1=" " ind2=" ">
    <marc:subfield code="a">DE-633</marc:subfield>
    <marc:subfield code="b">eng</marc:subfield>
  </marc:datafield>
  <marc:datafield tag="041" ind1="0" ind2=" ">
    <marc:subfield code="a">lat</marc:subfield>
  </marc:datafield>
  <marc:datafield tag="100" ind1="1" ind2=" ">
    <marc:subfield code="a">Boguński, Baltazar</marc:subfield>
    <marc:subfield code="d">1762-1849</marc:subfield>
    <marc:subfield code="j">Ascertained</marc:subfield>
    <marc:subfield code="0">pe30024257</marc:subfield>
  </marc:datafield>
  <marc:datafield tag="240" ind1="1" ind2="0">
    <marc:subfield code="a">Amavit eum Dominus</marc:subfield>
    <marc:subfield code="m">V (2), orch, org</marc:subfield>
    <marc:subfield code="r">G</marc:subfield>
    <marc:subfield code="0">3909214</marc:subfield>
  </marc:datafield>
  <marc:datafield tag="245" ind1="1" ind2="0">
    <marc:subfield code="a">[without title]</marc:subfield>
  </marc:datafield>
  <marc:datafield tag="300" ind1=" " ind2=" ">
    <marc:subfield code="a">12 parts</marc:subfield>
    <marc:subfield code="8">01</marc:subfield>
  </marc:datafield>
  <marc:datafield tag="500" ind1=" " ind2=" ">
    <marc:subfield code="a">[pl-text: Brak konkordancji]</marc:subfield>
  </marc:datafield>
  <marc:datafield tag="590" ind1=" " ind2=" ">
    <marc:subfield code="a">T, B, vl 1, 2, vla, vlne, fl, cl 1, 2, cor 1, 2, org</marc:subfield>
    <marc:subfield code="b">f. 1v-2r, 2r-2v, 1v-2r, 1r-1v, 1v, 1r-1v, 1v-2r, 1v, 1v, 1r-1v, 1r-1v, 2r</marc:subfield>
    <marc:subfield code="8">01</marc:subfield>
  </marc:datafield>
  <marc:datafield tag="593" ind1=" " ind2=" ">
    <marc:subfield code="a">Manuscript copy</marc:subfield>
    <marc:subfield code="8">01</marc:subfield>
  </marc:datafield>
  <marc:datafield tag="594" ind1=" " ind2=" ">
    <marc:subfield code="b">T</marc:subfield>
    <marc:subfield code="c">1</marc:subfield>
  </marc:datafield>
  <marc:datafield tag="594" ind1=" " ind2=" ">
    <marc:subfield code="b">B</marc:subfield>
    <marc:subfield code="c">1</marc:subfield>
  </marc:datafield>
  <marc:datafield tag="594" ind1=" " ind2=" ">
    <marc:subfield code="b">vl 1</marc:subfield>
    <marc:subfield code="c">1</marc:subfield>
  </marc:datafield>
  <marc:datafield tag="594" ind1=" " ind2=" ">
    <marc:subfield code="b">vl 2</marc:subfield>
    <marc:subfield code="c">1</marc:subfield>
  </marc:datafield>
  <marc:datafield tag="594" ind1=" " ind2=" ">
    <marc:subfield code="b">vla</marc:subfield>
    <marc:subfield code="c">1</marc:subfield>
  </marc:datafield>
  <marc:datafield tag="594" ind1=" " ind2=" ">
    <marc:subfield code="b">b</marc:subfield>
    <marc:subfield code="c">1</marc:subfield>
  </marc:datafield>
  <marc:datafield tag="594" ind1=" " ind2=" ">
    <marc:subfield code="b">fl</marc:subfield>
    <marc:subfield code="c">1</marc:subfield>
  </marc:datafield>
  <marc:datafield tag="594" ind1=" " ind2=" ">
    <marc:subfield code="b">cl</marc:subfield>
    <marc:subfield code="c">2</marc:subfield>
  </marc:datafield>
  <marc:datafield tag="594" ind1=" " ind2=" ">
    <marc:subfield code="b">cor</marc:subfield>
    <marc:subfield code="c">2</marc:subfield>
  </marc:datafield>
  <marc:datafield tag="594" ind1=" " ind2=" ">
    <marc:subfield code="b">org</marc:subfield>
    <marc:subfield code="c">1</marc:subfield>
  </marc:datafield>
  <marc:datafield tag="594" ind1=" " ind2=" ">
    <marc:subfield code="a">T, B, vl 1, vl 2, vla, b, fl, cl (2), cor (2), org</marc:subfield>
  </marc:datafield>
  <marc:datafield tag="599" ind1=" " ind2=" ">
    <marc:subfield code="b">full</marc:subfield>
  </marc:datafield>
  <marc:datafield tag="650" ind1="0" ind2="7">
    <marc:subfield code="a">Offertories</marc:subfield>
    <marc:subfield code="0">25242</marc:subfield>
  </marc:datafield>
  <marc:datafield tag="691" ind1=" " ind2="7">
    <marc:subfield code="a">PodejkoK 1992</marc:subfield>
    <marc:subfield code="n">no.76</marc:subfield>
    <marc:subfield code="0">lit1869</marc:subfield>
  </marc:datafield>
  <marc:datafield tag="773" ind1="1" ind2="8">
    <marc:subfield code="w">300237595</marc:subfield>
  </marc:datafield>
  <marc:datafield tag="852" ind1=" " ind2=" ">
    <marc:subfield code="a">PL-CZ</marc:subfield>
    <marc:subfield code="d">N 764/65</marc:subfield>
    <marc:subfield code="d">6</marc:subfield>
    <marc:subfield code="d">588</marc:subfield>
    <marc:subfield code="e">Klasztor OO. Paulinów Jasna Góra - Biblioteka</marc:subfield>
    <marc:subfield code="x">ks30002070</marc:subfield>
    <marc:subfield code="c">III-36</marc:subfield>
    <marc:subfield code="p"/>
    <marc:subfield code="q"/>
    <marc:subfield code="u"/>
    <marc:subfield code="z"/>
  </marc:datafield>
</marc:record>
